%% This BibTeX bibliography file was created using BibDesk.
%% http://bibdesk.sourceforge.net/

%% Created for Daniel Lawson at 2016-03-27 19:31:34 +0100


%% Saved with string encoding Unicode (UTF-8)

@ARTICLE{1163055,
author={H. {Sakoe} and S. {Chiba}},
journal={IEEE Transactions on Acoustics, Speech, and Signal Processing},
title={Dynamic programming algorithm optimization for spoken word recognition},
year={1978},
volume={26},
number={1},
pages={43-49},
keywords={Dynamic programming;Heuristic algorithms;Fluctuations;Timing;Signal processing algorithms;Speech processing;Pattern matching;Constraint optimization;Feature extraction;Acoustics},
doi={10.1109/TASSP.1978.1163055},
ISSN={0096-3518},
month={February},}

@INPROCEEDINGS{8538414,
author={A. {Winursito} and R. {Hidayat} and A. {Bejo} and M. N. Y. {Utomo}},
booktitle={2018 International Conference on Smart Computing and Electronic Enterprise (ICSCEE)},
title={Feature Data Reduction of MFCC Using PCA and SVD in Speech Recognition System},
year={2018},
volume={},
number={},
pages={1-6},
keywords={cepstral analysis;data reduction;feature extraction;principal component analysis;signal classification;singular value decomposition;speaker recognition;support vector machines;data reduction method;classification process;extraction MFCC feature data;matrix data;data reduction process;Support Vector Machine method;MFCC + PCA version;conventional MFCC method;speech recognition system;feature data reduction;pattern recognition system;popular feature extraction method;high dimensional feature;mel frequency cepstral coefficients;MFCC+SVD version 1 method;time 7.819 s;time 7.6 s;Mel frequency cepstral coefficient;Principal component analysis;Feature extraction;Speech recognition;Dimensionality reduction;Support vector machines;Discrete cosine transforms;speech recognition;MFCC;SVM;PCA;SVD},
doi={10.1109/ICSCEE.2018.8538414},
ISSN={null},
month={July},}

@INPROCEEDINGS{6967289,
author={Z. {Wanli} and L. {Guoxin}},
booktitle={Proceedings of 2013 3rd International Conference on Computer Science and Network Technology},
title={The research of feature extraction based on MFCC for speaker recognition},
year={2013},
volume={},
number={},
pages={1074-1077},
keywords={feature extraction;hidden Markov models;speaker recognition;feature extraction;MFCC;Mel frequency cepstral coefficients;speaker recognition;speaker personality representation;sound proof room;hidden Markov models;Speech;Mel frequency cepstral coefficient;Feature extraction;Speaker recognition;Speech processing;Speech recognition;Testing;speaker recognition;Mel frequency cepstral coefficients;feature extraction;weighted Mel frequency cepstral coefficients},
doi={10.1109/ICCSNT.2013.6967289},
ISSN={null},
month={Oct},}

@INPROCEEDINGS{8534807,
author={R. {Hidayat} and A. {Bejo} and S. {Sumaryono} and A. {Winursito}},
booktitle={2018 10th International Conference on Information Technology and Electrical Engineering (ICITEE)},
title={Denoising Speech for MFCC Feature Extraction Using Wavelet Transformation in Speech Recognition System},
year={2018},
volume={},
number={},
pages={280-284},
keywords={cepstral analysis;feature extraction;Gaussian noise;nearest neighbour methods;signal denoising;speech recognition;wavelet transforms;K-nearest neighbor method;denoising speech signal method;Fejer-Korovkin 6 wavelet;wavelet methods;wavelet denoising process;MFCC performance;MFCC feature extraction method;speech input;conventional MFCC method;popular feature extraction method;speech recognition system;wavelet transformation;Speech recognition;Noise reduction;Mel frequency cepstral coefficient;Wavelet transforms;Feature extraction;Signal to noise ratio;speech recognition;MFCC;KNN;Denoising;Wavelet},
doi={10.1109/ICITEED.2018.8534807},
ISSN={null},
month={July},}

@INPROCEEDINGS{7737405,
author={S. {Shabani} and Y. {Norouzi}},
booktitle={2016 IEEE 8th International Conference on Intelligent Systems (IS)},
title={Speech recognition using Principal Components Analysis and Neural Networks},
year={2016},
volume={},
number={},
pages={90-95},
keywords={neural nets;principal component analysis;speech recognition;speech recognition;principal components analysis;neural networks;discrete speeches;preassumed words;PCA;Persian words;voice activity detection;VAD;mel frequency cepstral coefficients;MFCC;NN block;algorithm;Speech recognition;Principal component analysis;Feature extraction;Speech;Mel frequency cepstral coefficient;Algorithm design and analysis;Speech processing;speech recognition;feature extraction;principal components analysis (PCA);Mel frequency cepstral coefficient (MFCC);neural network},
doi={10.1109/IS.2016.7737405},
ISSN={null},
month={Sep.},}

@INPROCEEDINGS{5977419,
author={J. {Kacur} and R. {Vargic} and P. {Mulinka}},
booktitle={2011 18th International Conference on Systems, Signals and Image Processing},
title={Speaker identification by K-nearest neighbors: Application of PCA and LDA prior to KNN},
year={2011},
volume={},
number={},
pages={1-4},
keywords={learning (artificial intelligence);pattern classification;principal component analysis;speaker recognition;speaker identification;K-nearest neighbors;KNN classification method;PCA;LDA;feature vector dimension;Accuracy;Principal component analysis;Covariance matrix;Speech;Transforms;Speaker recognition;Dispersion;speaker identification;KNN;PCA;LDA;MFCC},
doi={},
ISSN={2157-8672},
month={June},}
